[gd_scene load_steps=14 format=2]

[ext_resource path="res://Assets/Sprites/menu.png" type="Texture" id=1]
[ext_resource path="res://Assets/JetBrainsMono-Regular.ttf" type="DynamicFontData" id=2]

[sub_resource type="StyleBoxTexture" id=1]

[sub_resource type="DynamicFont" id=2]
size = 20
font_data = ExtResource( 2 )

[sub_resource type="Theme" id=3]
default_font = SubResource( 2 )
Button/colors/normal = Color( 1, 1, 1, 1 )
Button/styles/normal = SubResource( 1 )

[sub_resource type="DynamicFont" id=4]
size = 24
outline_color = Color( 0.12549, 0.12549, 0.12549, 1 )
use_mipmaps = true
use_filter = true
font_data = ExtResource( 2 )

[sub_resource type="GDScript" id=5]
script/source = "extends Button

onready var Game = preload(\"res://Game.tscn\")

func _on_Tutorial_pressed():
	print(\"BUTTON\")
	Globals.goto_scene(\"res://Game.tscn\")
"

[sub_resource type="DynamicFont" id=6]
size = 24
use_filter = true
font_data = ExtResource( 2 )

[sub_resource type="GDScript" id=7]
script/source = "extends Button

onready var Clip = preload(\"res://Assets/Scenes/Menu/ClipMap.tscn\")
onready var Items = get_node(\"../../../DisplayCustom/ItemList/VBox\")

func _on_Custom_pressed():
	var MapFiles = get_filelist(\"./UserMaps/\")
	Globals.UserMaps.clear()
	for child in Items.get_children():
		child.free()
	
	for map in MapFiles:
		var file = File.new()
		file.open(map, file.READ)
		var text = file.get_as_text()
		var result_json = JSON.parse(text)
		file.close()
		if result_json.error == OK:
			var dict = result_json.result
			Globals.UserMaps.append(dict)
	
	var counter = 0
	for map in Globals.UserMaps:
		if counter == 0:
			var hBox = HBoxContainer.new()
			hBox.rect_size = Vector2(1280,200)
			hBox.alignment = BoxContainer.ALIGN_CENTER
			Items.add_child(hBox)
		var clip = Clip.instance()
		clip.SetMap(map)
		Items.get_child(Items.get_child_count() - 1).add_child(clip)
		counter+=1
		if counter > 3:
			counter = 0
	Items.get_parent().get_parent().visible = true

func get_filelist(scan_dir : String) -> Array:
	var my_files : Array = []
	var dir := Directory.new()
	if dir.open(scan_dir) != OK:
		printerr(\"Warning: could not open directory: \", scan_dir)
		return []
	if dir.list_dir_begin(true, true) != OK:
		printerr(\"Warning: could not list contents of: \", scan_dir)
		return []
	var file_name := dir.get_next()
	while file_name != \"\":
		if dir.current_is_dir():
			my_files += get_filelist(dir.get_current_dir() + \"/\" + file_name)
		else:
			my_files.append(dir.get_current_dir() + \"/\" + file_name)
		file_name = dir.get_next()
	return my_files
"

[sub_resource type="DynamicFont" id=8]
size = 24
use_filter = true
font_data = ExtResource( 2 )

[sub_resource type="GDScript" id=9]
script/source = "extends Button

func _on_Exit_pressed():
	get_tree().quit()
"

[sub_resource type="DynamicFont" id=10]
size = 18
font_data = ExtResource( 2 )

[sub_resource type="GDScript" id=11]
script/source = "extends Button
onready var Display = get_parent()

func _on_CloseCustom_pressed():
	Display.visible = false
"

[node name="Menu" type="Node2D"]

[node name="Panel" type="Panel" parent="."]
margin_right = 1280.0
margin_bottom = 720.0
theme = SubResource( 3 )
__meta__ = {
"_edit_use_anchors_": false
}

[node name="menu" type="Sprite" parent="Panel"]
position = Vector2( 640, 360 )
scale = Vector2( 8, 8 )
texture = ExtResource( 1 )

[node name="Tutorial" type="Button" parent="Panel"]
margin_left = 369.0
margin_top = 60.0
margin_right = 769.0
margin_bottom = 100.0
rect_min_size = Vector2( 0, 40 )
custom_fonts/font = SubResource( 4 )
text = "Играть"
script = SubResource( 5 )
__meta__ = {
"_edit_use_anchors_": false
}

[node name="VBoxContainer" type="VBoxContainer" parent="Panel"]
anchor_right = 1.0
anchor_bottom = 1.0
margin_left = 712.0
margin_top = 111.0
margin_right = -167.0
margin_bottom = -430.0
custom_constants/separation = 40
alignment = 1
__meta__ = {
"_edit_use_anchors_": false
}

[node name="Custom" type="Button" parent="Panel/VBoxContainer"]
margin_top = 29.0
margin_right = 401.0
margin_bottom = 69.0
rect_min_size = Vector2( 0, 40 )
custom_fonts/font = SubResource( 6 )
text = "Пользовательские карты"
script = SubResource( 7 )

[node name="Exit" type="Button" parent="Panel/VBoxContainer"]
margin_top = 109.0
margin_right = 401.0
margin_bottom = 149.0
rect_min_size = Vector2( 0, 40 )
custom_fonts/font = SubResource( 8 )
text = "Выйти"
script = SubResource( 9 )

[node name="AnimationPlayer" type="AnimationPlayer" parent="."]

[node name="DisplayCustom" type="Control" parent="."]
visible = false
margin_right = 1280.0
margin_bottom = 720.0
__meta__ = {
"_edit_use_anchors_": false
}

[node name="ColorRect" type="ColorRect" parent="DisplayCustom"]
margin_right = 1281.0
margin_bottom = 721.0
color = Color( 0, 0.0588235, 0.0431373, 0.580392 )
__meta__ = {
"_edit_use_anchors_": false
}

[node name="ItemList" type="ScrollContainer" parent="DisplayCustom"]
margin_left = -6.0
margin_top = 49.0
margin_right = 1286.0
margin_bottom = 709.0
grow_horizontal = 2
rect_min_size = Vector2( 1260, 660 )
scroll_horizontal_enabled = false
__meta__ = {
"_edit_use_anchors_": false
}

[node name="VBox" type="VBoxContainer" parent="DisplayCustom/ItemList"]
margin_right = 1280.0
margin_bottom = 660.0
rect_min_size = Vector2( 1280, 660 )
alignment = 1

[node name="CloseCustom" type="Button" parent="DisplayCustom"]
margin_left = 1174.0
margin_top = 10.0
margin_right = 1269.0
margin_bottom = 41.0
custom_fonts/font = SubResource( 10 )
text = "Close"
script = SubResource( 11 )
__meta__ = {
"_edit_use_anchors_": false
}
[connection signal="pressed" from="Panel/Tutorial" to="Panel/Tutorial" method="_on_Tutorial_pressed"]
[connection signal="pressed" from="Panel/VBoxContainer/Custom" to="Panel/VBoxContainer/Custom" method="_on_Custom_pressed"]
[connection signal="pressed" from="Panel/VBoxContainer/Exit" to="Panel/VBoxContainer/Exit" method="_on_Exit_pressed"]
[connection signal="pressed" from="DisplayCustom/CloseCustom" to="DisplayCustom/CloseCustom" method="_on_CloseCustom_pressed"]
